<?xml version="1.0" encoding="UTF-8"?>
<collection xmlns:xsi="http://www.w3.org/2001/XMLSchema-instance" xsi:schemaLocation="http://www.loc.gov/MARC21/slim http://www.loc.gov/standards/marcxml/schema/MARC21slim.xsd" xmlns="http://www.loc.gov/MARC21/slim">
<record>
  <leader>00862nam a22001931  4500</leader>
  <controlfield tag="001">3082673</controlfield>
  <controlfield tag="003">NNC</controlfield>
  <controlfield tag="005">20030429142358.0</controlfield>
  <controlfield tag="008">010911s1949    ua            000 0 ara d</controlfield>
  <datafield tag="035" ind1=" " ind2=" ">
    <subfield code="a">(OCoLC)ocm47941994</subfield>
  </datafield>
  <datafield tag="035" ind1=" " ind2=" ">
    <subfield code="9">ATQ9205CU</subfield>
  </datafield>
  <datafield tag="040" ind1=" " ind2=" ">
    <subfield code="a">ZCU</subfield>
    <subfield code="c">ZCU</subfield>
  </datafield>
  <datafield tag="099" ind1=" " ind2=" ">
    <subfield code="a">893.795</subfield>
    <subfield code="a">Ib53431</subfield>
  </datafield>
  <datafield tag="100" ind1="1" ind2=" ">
    <subfield code="a">Ṣanʻānī, Muḥammad ibn Ismāʻīl,</subfield>
    <subfield code="d">1688-1768.</subfield>
  </datafield>
  <datafield tag="245" ind1="1" ind2="0">
    <subfield code="a">Subul al-salām,</subfield>
    <subfield code="b">sharḥ Bulūgh al-marām min adillat al-aḥkām; wa-huwa sharḥ al-ʻallāmah al-Ṣanʻānī ʻalā matn Bulūgh al-marām lil-ḥāfiẓ Ibn Ḥajar al-ʻAsqalānī. Qūbilat hād-hihi al-ṭabʻah ʻalā jumlat nusakh mukhtalifah waṣuḥḥiḥat waʻulliqa ʻalayhā bimaʻrifat lajnah min al-ʻulamāʾ.</subfield>
  </datafield>
  <datafield tag="250" ind1=" " ind2=" ">
    <subfield code="a">Al-tabʻah al-3.</subfield>
  </datafield>
  <datafield tag="260" ind1=" " ind2=" ">
    <subfield code="a">al-Qāhirah,</subfield>
    <subfield code="b">Maṭb. al-Istiqāmah,</subfield>
    <subfield code="c">1369 h. [1949]</subfield>
  </datafield>
  <datafield tag="300" ind1=" " ind2=" ">
    <subfield code="a">4 v. in 2.</subfield>
  </datafield>
  <datafield tag="955" ind1=" " ind2=" ">
    <subfield code="b">0026817241</subfield>
    <subfield code="d">glx</subfield>
    <subfield code="e">893.795 Ib53431</subfield>
    <subfield code="v">v.1-2</subfield>
  </datafield>
</record>
</collection>